%% This BibTeX bibliography file was created using BibDesk.
%% http://bibdesk.sourceforge.net/
% Encoding: UTF-8

@book{agresti2010analysis,
  title={Analysis of ordinal categorical data},
  author={Agresti, Alan},
  volume={656},
  year={2010},
  publisher={John Wiley \& Sons}
}

@article{ananth1997regression,
  title={Regression models for ordinal responses: a review of methods and applications.},
  author={Ananth, Cande V and Kleinbaum, David G},
  journal={International journal of epidemiology},
  volume={26},
  number={6},
  pages={1323--1333},
  year={1997}
}

@article{mccullagh1980regression,
  title={Regression models for ordinal data},
  author={McCullagh, Peter},
  journal={Journal of the Royal Statistical Society: Series B (Methodological)},
  volume={42},
  number={2},
  pages={109--127},
  year={1980},
  publisher={Wiley Online Library}
}

@article{grilli2011multilevel,
  title={Multilevel models for ordinal data},
  author={Grilli, Leonardo and Rampichini, Carla},
  journal={Modern analysis of customer surveys: With applications using R},
  pages={391--411},
  year={2011},
  publisher={Wiley Online Library}
}

@article{tutz1996random,
  title={Random effects in ordinal regression models},
  author={Tutz, Gerhard and Hennevogl, Wolfgang},
  journal={Computational Statistics \& Data Analysis},
  volume={22},
  number={5},
  pages={537--557},
  year={1996},
  publisher={Elsevier}
}

@article{goldstein2002partitioning,
  title={Partitioning variation in multilevel models},
  author={Goldstein, Harvey and Browne, William and Rasbash, Jon},
  journal={Understanding statistics: statistical issues in psychology, education, and the social sciences},
  volume={1},
  number={4},
  pages={223--231},
  year={2002},
  publisher={Taylor \& Francis}
}

@Misc{ordinal,
    title = {ordinal---Regression Models for Ordinal Data },
    author = {R. H. B. Christensen},
    year = {2022},
    note = {R package version 2022.11-16.
      https://CRAN.R-project.org/package=ordinal},
}

@article{breiman2001random,
  title={Random forests},
  author={Breiman, Leo},
  journal={Machine learning},
  volume={45},
  pages={5--32},
  year={2001},
  publisher={Springer}
}

@book{james2013introduction,
  title={An introduction to statistical learning},
  author={James, Gareth and Witten, Daniela and Hastie, Trevor and Tibshirani, Robert and others},
  volume={112},
  year={2013},
  publisher={Springer}
}

@article{fontana2021performing,
  title={Performing Learning Analytics via Generalised Mixed-Effects Trees},
  author={Fontana, Luca and Masci, Chiara and Ieva, Francesca and Paganoni, Anna Maria},
  journal={Data},
  volume={6},
  number={7},
  pages={74},
  year={2021},
  publisher={MDPI}
}

@article{pellagatti2021generalized,
  title={Generalized mixed-effects random forest: A flexible approach to predict university student dropout},
  author={Pellagatti, Massimo and Masci, Chiara and Ieva, Francesca and Paganoni, Anna M},
  journal={Statistical Analysis and Data Mining: The ASA Data Science Journal},
  volume={14},
  number={3},
  pages={241--257},
  year={2021},
  publisher={Wiley Online Library}
}

@article{RF,
   title = {Classification and Regression by randomForest},
   author = {Liaw, A. and Wiener, M.},
   journal = {R News},
   year = {2002},
   volume = {2},
   number = {3},
   pages = {18-22},
   url = {https://CRAN.R-project.org/doc/Rnews/},
}

@manual{rlanguage,
  address = {Vienna, Austria},
  author = {{R Core Team}},
  organization = {R Foundation for Statistical Computing},
  title = {R: A Language and Environment for Statistical Computing},
  url = {https://www.R-project.org/},
  year = 2022
}


@article{simstudy,
   title = {simstudy: Illuminating research methods through data
     generation},
   author = {Keith Goldfeld and Jacob Wujciak-Jens},
   publisher = {The Open Journal},
   journal = {Journal of Open Source Software},
   year = {2020},
   volume = {5},
   number = {54},
   pages = {2763},
   url = {https://doi.org/10.21105/joss.02763},
   doi = {10.21105/joss.02763},
}

@article{hornung2020ordinal,
  title={Ordinal forests},
  author={Hornung, Roman},
  journal={Journal of Classification},
  volume={37},
  pages={4--17},
  year={2020},
  publisher={Springer},
  url = {https://CRAN.R-project.org/package=ordinalForest},
}

@mastersthesis{tesilidia,
  author = {Rossi, L.}, 
  title = {Predicting high schools' students performances with registry's data - statistical modelling and machine learning approaches},
  school = {Politecnico di Milano},
  year = {Academic Year 2020 - 2021},
}

@inproceedings{gaudette2009evaluation,
  title={Evaluation methods for ordinal classification},
  author={Gaudette, Lisa and Japkowicz, Nathalie},
  booktitle={Advances in Artificial Intelligence: 22nd Canadian Conference on Artificial Intelligence, Canadian AI 2009 Kelowna, Canada, May 25-27, 2009 Proceedings 22},
  pages={207--210},
  year={2009},
  organization={Springer}
}

@article{hubert1985comparing,
  title={Comparing partitions},
  author={Hubert, Lawrence and Arabie, Phipps},
  journal={Journal of classification},
  volume={2},
  pages={193--218},
  year={1985},
  publisher={Springer}
}

@article{cohen1960coefficient,
  title={A coefficient of agreement for nominal scales},
  author={Cohen, Jacob},
  journal={Educational and psychological measurement},
  volume={20},
  number={1},
  pages={37--46},
  year={1960},
  publisher={Sage Publications Sage CA: Thousand Oaks, CA}
}

@article{cardoso2011measuring,
  title={Measuring the performance of ordinal classification},
  author={Cardoso, Jaime S and Sousa, Ricardo},
  journal={International Journal of Pattern Recognition and Artificial Intelligence},
  volume={25},
  number={08},
  pages={1173--1195},
  year={2011},
  publisher={World Scientific}
}

@article{ballante2022new,
  title={A new approach in model selection for ordinal target variables},
  author={Ballante, Elena and Figini, Silvia and Uberti, Pierpaolo},
  journal={Computational Statistics},
  volume={37},
  number={1},
  pages={43--56},
  year={2022},
  publisher={Springer}
}

@book{breiman2017classification,
  title={Classification and regression trees},
  author={Breiman, Leo},
  year={2017},
  publisher={Routledge}
}

@book{pinheiro2006mixed,
  title={Mixed-effects models in S and S-PLUS},
  author={Pinheiro, Jos{\'e} and Bates, Douglas},
  year={2006},
  publisher={Springer science \& business media}
}

@article{sela2012re,
  title={RE-EM trees: a data mining approach for longitudinal and clustered data},
  author={Sela, Rebecca J and Simonoff, Jeffrey S},
  journal={Machine learning},
  volume={86},
  pages={169--207},
  year={2012},
  publisher={Springer}
}

@article{hajjem2011mixed,
  title={Mixed effects regression trees for clustered data},
  author={Hajjem, Ahlem and Bellavance, Fran{\c{c}}ois and Larocque, Denis},
  journal={Statistics \& probability letters},
  volume={81},
  number={4},
  pages={451--459},
  year={2011},
  publisher={Elsevier}
}

@article{hajjem2014mixed,
  title={Mixed-effects random forest for clustered data},
  author={Hajjem, Ahlem and Bellavance, Fran{\c{c}}ois and Larocque, Denis},
  journal={Journal of Statistical Computation and Simulation},
  volume={84},
  number={6},
  pages={1313--1328},
  year={2014},
  publisher={Taylor \& Francis}
}

@article{hajjem2017generalized,
  title={Generalized mixed effects regression trees},
  author={Hajjem, Ahlem and Larocque, Denis and Bellavance, Fran{\c{c}}ois},
  journal={Statistics \& Probability Letters},
  volume={126},
  pages={114--118},
  year={2017},
  publisher={Elsevier}
}

@article{fokkema2018detecting,
  title={Detecting treatment-subgroup interactions in clustered data with generalized linear mixed-effects model trees},
  author={Fokkema, Marjolein and Smits, Niels and Zeileis, Achim and Hothorn, Torsten and Kelderman, Henk},
  journal={Behavior research methods},
  volume={50},
  pages={2016--2034},
  year={2018},
  publisher={Springer}
}

@article{speiser2020bimm,
  title={BiMM tree: a decision tree method for modeling clustered and longitudinal binary outcomes},
  author={Speiser, Jaime Lynn and Wolf, Bethany J and Chung, Dongjun and Karvellas, Constantine J and Koch, David G and Durkalski, Valerie L},
  journal={Communications in Statistics-Simulation and Computation},
  volume={49},
  number={4},
  pages={1004--1023},
  year={2020},
  publisher={Taylor \& Francis}
}

@article{tutz2003generalized,
  title={Generalized semiparametrically structured ordinal models},
  author={Tutz, Gerhard},
  journal={Biometrics},
  volume={59},
  number={2},
  pages={263--273},
  year={2003},
  publisher={Wiley Online Library}
}

@article{shashua2002ranking,
  title={Ranking with large margin principle: Two approaches},
  author={Shashua, Amnon and Levin, Anat},
  journal={Advances in neural information processing systems},
  volume={15},
  year={2002}
}

@article{wilkins2016dropout,
  title={Dropout prevention in middle and high schools: From research to practice},
  author={Wilkins, Julia and Bost, Loujeania Williams},
  journal={Intervention in School and Clinic},
  volume={51},
  number={5},
  pages={267--275},
  year={2016},
  publisher={Sage Publications Sage CA: Los Angeles, CA}
}

@article{davis2013organizing,
  title={Organizing schools to address early warning indicators (EWIs): Common practices and challenges},
  author={Davis, Marcia and Herzog, Liza and Legters, Nettie},
  journal={Journal of Education for Students Placed at Risk (JESPAR)},
  volume={18},
  number={1},
  pages={84--100},
  year={2013},
  publisher={Taylor \& Francis}
}

@inproceedings{wibawa2021learning,
  title={Learning analytic and educational data mining for learning science and technology},
  author={Wibawa, Basuki and Siregar, Jenny S and Asrorie, DA and Syakdiyah, Halimatus},
  booktitle={AIP conference proceedings},
  volume={2331},
  number={1},
  year={2021},
  organization={AIP Publishing}
}

@article{saa2016educational,
  title={Educational data mining \& students' performance prediction},
  author={Saa, Amjad Abu},
  journal={International journal of advanced computer science and applications},
  volume={7},
  number={5},
  year={2016},
  publisher={Science and Information (SAI) Organization Limited}
}

@article{paul2020exploring,
  title={Exploring Student Academic Performance Using Data Mining Tools},
  author={Paul, Ranjit and Gaftandzhieva, Silvia and Kausar, Samina and Hussain, Sadiq and Doneva, Rositsa and Baruah, AK},
  journal={International Journal of Emerging Technologies in Learning (iJET)},
  volume={15},
  number={8},
  pages={195--209},
  year={2020},
  publisher={International Journal of Emerging Technology in Learning}
}

